@misc{weisstein2006,
  title={Spherical Segment},
  author={Weisstein, Eric W},
  url={https://mathworld. wolfram. com/},
  year={2006},
  publisher={Wolfram Research, Inc.}
}

@misc{pixar2022,
    title={Geometric Primitives},
    url={https://renderman.pixar.com/resources/RenderMan_20/geometricPrimitives.html},
    journal={Renderman 20 Documentation},
    author={Pixar},
    year={2022}
}

@misc{polyhaven2022,
    url={http://polyhaven.com/},
    author="{Poly Haven}",
    year={2022}
}

@misc{pixar2018,
    title={Resource: Pixar one twenty eight},
    url={https://renderman.pixar.com/pixar-one-twenty-eight},
    journal={Pixar's RenderMan | Resource},
    author={Pixar},
    year={2018},
    month={Nov}
} 